<record><leader>00000cas a2200000 a 4500</leader><controlfield tag="001">10478725</controlfield><controlfield tag="008">840302d18791879iluwr ne      0   a0eng c</controlfield><datafield ind1=" " ind2=" " tag="010"><subfield code="a">sn 84024085 </subfield></datafield><datafield ind1=" " ind2=" " tag="040"><subfield code="a">NPV</subfield><subfield code="b">eng</subfield><subfield code="c">NPV</subfield><subfield code="d">NVF</subfield><subfield code="d">DLC</subfield><subfield code="d">OCLCQ</subfield><subfield code="d">CVF</subfield><subfield code="d">NVF</subfield><subfield code="d">OCLCQ</subfield><subfield code="d">OCLCF</subfield><subfield code="d">OCLCO</subfield><subfield code="d">NVF</subfield><subfield code="d">OCLCO</subfield><subfield code="d">OCL</subfield></datafield><datafield ind1="1" ind2=" " tag="029"><subfield code="a">AU@</subfield><subfield code="b">000020415108</subfield></datafield><datafield ind1=" " ind2=" " tag="042"><subfield code="a">pcc</subfield></datafield><datafield ind1=" " ind2=" " tag="043"><subfield code="a">n-us-il</subfield></datafield><datafield ind1="0" ind2="0" tag="245"><subfield code="a">Rapalee's Greenbacker.</subfield></datafield><datafield ind1="1" ind2="3" tag="246"><subfield code="a">National Greenbacker</subfield><subfield code="f">Jan. 3-Mar. 21, 1879</subfield></datafield><datafield ind1=" " ind2=" " tag="260"><subfield code="a">Rochelle, Ogle County, Ill. :</subfield><subfield code="b">Norman Rapalee,</subfield><subfield code="c">1879.</subfield></datafield><datafield ind1=" " ind2=" " tag="300"><subfield code="a">v. ;</subfield><subfield code="c">52 cm.</subfield></datafield><datafield ind1=" " ind2=" " tag="310"><subfield code="a">Weekly</subfield></datafield><datafield ind1="0" ind2=" " tag="362"><subfield code="a">Vol. 1, no. 23 (Jan. 3, 1879)-v. 1, no. 41 (May 9, 1879) = whole no. 23-41.</subfield></datafield><datafield ind1=" " ind2=" " tag="500"><subfield code="a">"Devoted to town, county, state and general news, and to the best interests of the National Greenback Party."</subfield></datafield><datafield ind1="2" ind2="0" tag="610"><subfield code="a">Greenback Labor Party (U.S.)</subfield><subfield code="v">Newspapers.</subfield></datafield><datafield ind1=" " ind2="0" tag="651"><subfield code="a">Rochelle (Ill.)</subfield><subfield code="v">Newspapers.</subfield></datafield><datafield ind1=" " ind2="0" tag="651"><subfield code="a">Ogle County (Ill.)</subfield><subfield code="v">Newspapers.</subfield></datafield><datafield ind1=" " ind2="0" tag="651"><subfield code="a">Illinois</subfield><subfield code="v">Newspapers.</subfield></datafield><datafield ind1=" " ind2="7" tag="655"><subfield code="a">Newspapers.</subfield><subfield code="2">fast</subfield><subfield code="0">(OCoLC)fst01423814</subfield></datafield><datafield ind1="2" ind2="7" tag="610"><subfield code="a">Greenback Labor Party (U.S.)</subfield><subfield code="2">fast</subfield><subfield code="0">(OCoLC)fst00690833</subfield></datafield><datafield ind1=" " ind2="7" tag="651"><subfield code="a">Illinois.</subfield><subfield code="2">fast</subfield><subfield code="0">(OCoLC)fst01205143</subfield></datafield><datafield ind1=" " ind2="7" tag="651"><subfield code="a">Illinois</subfield><subfield code="z">Ogle County.</subfield><subfield code="2">fast</subfield><subfield code="0">(OCoLC)fst01210697</subfield></datafield><datafield ind1=" " ind2="7" tag="651"><subfield code="a">Illinois</subfield><subfield code="z">Rochelle.</subfield><subfield code="2">fast</subfield><subfield code="0">(OCoLC)fst01219148</subfield></datafield><datafield ind1=" " ind2=" " tag="752"><subfield code="a">United States</subfield><subfield code="b">Illinois</subfield><subfield code="c">Ogle County</subfield><subfield code="d">Rochelle.</subfield></datafield><datafield ind1="0" ind2="0" tag="780"><subfield code="t">National Greenbacker (Rochelle, Ill.)</subfield><subfield code="w">(DLC)sn 84024084</subfield><subfield code="w">(OCoLC)10478732</subfield></datafield><datafield ind1="0" ind2="0" tag="785"><subfield code="t">Rochelle telephone</subfield><subfield code="w">(DLC)sn 83045609</subfield><subfield code="w">(OCoLC)9567249</subfield></datafield></record>